<?xml version="1.0" encoding="UTF-8"?><collection xmlns="http://www.loc.gov/MARC21/slim"><record><leader>00356nam--2200133-i-4500</leader><controlfield tag="001">000037958</controlfield><controlfield tag="002">20161230</controlfield><controlfield tag="005">20161230201041</controlfield><controlfield tag="008">060222s1000------------r-----000-0-eng-d</controlfield><datafield ind1=" " ind2=" " tag="080"><subfield code="a">651.011.44</subfield></datafield><datafield ind1=" " ind2=" " tag="245"><subfield code="a">Rationalizarea muncii administrative</subfield></datafield><datafield ind1=" " ind2=" " tag="260"><subfield code="a">Bucuresti, Inst.Central De Docum.Tehnica, 171, 66p</subfield></datafield><datafield ind1=" " ind2=" " tag="490"><subfield code="a">Culegere De Traduceri</subfield></datafield><datafield ind1=" " ind2=" " tag="852"><subfield code="a">37943</subfield></datafield></record></collection>